@article{atanasov2014nonmyopic,
  title={Nonmyopic view planning for active object classification and pose estimation},
  author={Atanasov, Nikolay and Sankaran, Bharath and Le Ny, Jerome and Pappas, George J and Daniilidis, Kostas},
  journal={IEEE Transactions on Robotics},
  volume={30},
  number={5},
  pages={1078--1090},
  year={2014},
  publisher={IEEE}
}


@article{vaisenberg2014scheduling,
  title={Scheduling sensors for monitoring sentient spaces using an approximate POMDP policy},
  author={Vaisenberg, Ronen and Della Motta, Alessio and Mehrotra, Sharad and Ramanan, Deva},
  journal={Pervasive and Mobile Computing},
  volume={10},
  pages={83--103},
  year={2014},
  publisher={Elsevier}
}

@inproceedings{hepp2018learn,
  title={Learn-to-Score: Efficient 3D Scene Exploration by Predicting View Utility},
  author={Hepp, Benjamin and Dey, Debadeepta and Sinha, Sudipta N and Kapoor, Ashish and Joshi, Neel and Hilliges, Otmar},
  booktitle={Proceedings of the European Conference on Computer Vision (ECCV)},
  pages={437--452},
  year={2018}
}

@inproceedings{isler2016information,
  title={An information gain formulation for active volumetric 3d reconstruction},
  author={Isler, Stefan and Sabzevari, Reza and Delmerico, Jeffrey and Scaramuzza, Davide},
  booktitle={2016 IEEE International Conference on Robotics and Automation (ICRA)},
  pages={3477--3484},
  year={2016},
  organization={IEEE}
}

@article{rolfs2015attention,
  title={Attention in active vision: A perspective on perceptual continuity across saccades},
  author={Rolfs, Martin},
  journal={Perception},
  volume={44},
  number={8-9},
  pages={900--919},
  year={2015},
  publisher={SAGE Publications Sage UK: London, England}
}

@inproceedings{lauri2017multi,
  title={Multi-robot active information gathering with periodic communication},
  author={Lauri, Mikko and Hein{\"a}nen, Eero and Frintrop, Simone},
  booktitle={2017 IEEE International Conference on Robotics and Automation (ICRA)},
  pages={851--856},
  year={2017},
  organization={IEEE}
}

@inproceedings{di2010adaptive,
  title={An adaptive strategy for energy-efficient data collection in sparse wireless sensor networks},
  author={Di Francesco, Mario and Shah, Kunal and Kumar, Mohan and Anastasi, Giuseppe},
  booktitle={European Conference on Wireless Sensor Networks},
  pages={322--337},
  year={2010},
  organization={Springer}
}

@article{nemhauser1978analysis,
  title={An analysis of approximations for maximizing submodular set functionsâ€”I},
  author={Nemhauser, George L and Wolsey, Laurence A and Fisher, Marshall L},
  journal={Mathematical programming},
  volume={14},
  number={1},
  pages={265--294},
  year={1978},
  publisher={Springer}
}

@article{feige1998threshold,
  title={A threshold of ln n for approximating set cover},
  author={Feige, Uriel},
  journal={Journal of the ACM (JACM)},
  volume={45},
  number={4},
  pages={634--652},
  year={1998},
  publisher={ACM}
}

@article{golovin2011adaptive,
  title={Adaptive submodularity: Theory and applications in active learning and stochastic optimization},
  author={Golovin, Daniel and Krause, Andreas},
  journal={Journal of Artificial Intelligence Research},
  volume={42},
  pages={427--486},
  year={2011}
}

@book{oliehoek2016concise,
  title={A concise introduction to decentralized POMDPs},
  author={Oliehoek, Frans A and Amato, Christopher and others},
  volume={1},
  year={2016},
  publisher={Springer}
}

@inproceedings{eidenberger2010active,
  title={Active perception and scene modeling by planning with probabilistic 6d object poses},
  author={Eidenberger, Robert and Scharinger, Josef},
  booktitle={2010 IEEE/RSJ International Conference on Intelligent Robots and Systems},
  pages={1036--1043},
  year={2010},
  organization={IEEE}
}

@article{sridharan2010planning,
  title={Planning to see: A hierarchical approach to planning visual actions on a robot using POMDPs},
  author={Sridharan, Mohan and Wyatt, Jeremy and Dearden, Richard},
  journal={Artificial Intelligence},
  volume={174},
  number={11},
  pages={704--725},
  year={2010},
  publisher={Elsevier}
}

@article{lauri2019information,
  title={Information Gathering in Decentralized POMDPs by Policy Graph Improvement},
  author={Lauri, Mikko and Pajarinen, Joni and Peters, Jan},
  journal={arXiv preprint arXiv:1902.09840},
  year={2019}
}